@article{Gerstner:1998,
  title={Numerical integration using sparse grids},
  author={Gerstner, T. and Griebel, M.},
  journal={Numerical algorithms},
  volume={18},
  number={3-4},
  pages={209},
  year={1998},
  publisher={Springer}
}

@article{Ganapathysubramanian:2007,
  title={Sparse grid collocation schemes for stochastic natural convection problems},
  author={Ganapathysubramanian, B. and Zabaras, N.},
  journal={Journal of Computational Physics},
  volume={225},
  number={1},
  pages={652--685},
  year={2007},
  publisher={Elsevier}
}

@article{Xiu:2002,
  title={The Wiener--Askey polynomial chaos for stochastic differential equations},
  author={Xiu, D. and Karniadakis, G.E.},
  journal={SIAM Journal on Scientific Computing},
  volume={24},
  number={2},
  pages={619--644},
  year={2002},
  publisher={SIAM}
}

@incollection{Ghanem:1991,
  title={Stochastic Finite Element Method: Response Statistics},
  author={Ghanem, R.G. and Spanos, P.D.},
  booktitle={Stochastic Finite Elements: A Spectral Approach},
  pages={101--119},
  year={1991},
  publisher={Springer}
}

@article{Blatman:2011,
  title={Adaptive sparse polynomial chaos expansion based on least angle regression},
  author={Blatman, G. and Sudret, B.},
  journal={Journal of Computational Physics},
  volume={230},
  number={6},
  pages={2345--2367},
  year={2011},
  publisher={Elsevier}
}

@article{Conrad:2013,
  title={Adaptive Smolyak pseudospectral approximations},
  author={Conrad, P.R. and Marzouk, Y.M.},
  journal={SIAM Journal on Scientific Computing},
  volume={35},
  number={6},
  pages={A2643--A2670},
  year={2013},
  publisher={SIAM}
}

@article{Winokur:2013,
  title={A priori testing of sparse adaptive polynomial chaos expansions using an ocean general circulation model database},
  author={Winokur, J. and Conrad, P. and Sraj, I. and Knio, O. and Srinivasan, A. and Thacker, W.C. and Marzouk, Y. and Iskandarani, M.},
  journal={Computational Geosciences},
  volume={17},
  number={6},
  pages={899--911},
  year={2013},
  publisher={Springer}
}

@incollection{Rasmussen:2004,
  title={Gaussian processes in machine learning},
  author={Rasmussen, C.E.},
  booktitle={Advanced lectures on machine learning},
  pages={63--71},
  year={2004},
  publisher={Springer}
}

@book{Hagan:1996,
  title={Neural network design},
  author={Hagan, M.T. and Demuth, H.B. and Beale, M.H. and De Jes{\'u}s, O.},
  volume={20},
  year={1996},
  publisher={Pws Pub. Boston}
}

@book{Constantine:2015,
  title={Active subspaces: Emerging ideas for dimension reduction in parameter studies},
  author={Constantine, P.G.},
  volume={2},
  year={2015},
  publisher={SIAM}
}

@article{Vastola:2016,
  title={Controlling of residual stress in additive manufacturing of {Ti6Al4V} by finite element modeling},
  author={Vastola, G. and Zhang, G. and Pei, Q.X. and Zhang, Y.-W.},
  journal={Additive Manufacturing},
  volume={12},
  pages={231--239},
  year={2016},
  publisher={Elsevier}
}

@article{Hodge:2016,
  title={Experimental comparison of residual stresses for a thermomechanical model for the simulation of selective laser melting},
  author={Hodge, N.E. and Ferencz, R.M. and Vignes, R.M.},
  journal={Additive Manufacturing},
  volume={12},
  pages={159--168},
  year={2016},
  publisher={Elsevier}
}

@article{Mercelis:2006,
  title={Residual stresses in selective laser sintering and selective laser melting},
  author={Mercelis, P. and Kruth, J.-P.},
  journal={Rapid prototyping journal},
  volume={12},
  number={5},
  pages={254--265},
  year={2006},
  publisher={Emerald Group Publishing Limited}
}

@article{Withers:2001,
  title={Residual stress. Part 2--Nature and origins},
  author={Withers, P.J. and Bhadeshia, H.K.D.H.},
  journal={Materials science and technology},
  volume={17},
  number={4},
  pages={366--375},
  year={2001},
  publisher={Taylor $\&$ Francis}
}

@article{Hofmann:2014,
  title={Developing gradient metal alloys through radial deposition additive manufacturing},
  author={Hofmann, D.C. and Roberts, S. and Otis, R. and Kolodziejska, J. and Dillon, R.P. and Suh, J. and Shapiro, A.A. and Liu, Z.-K. and Borgonia, J.-P.},
  journal={Scientific reports},
  volume={4},
  pages={5357},
  year={2014},
  publisher={Nature Publishing Group}
}

@article{Williams:2018,
  title={A Pragmatic Part Scale Model for Residual Stress and Distortion Prediction in Powder Bed Fusion},
  author={Williams, R.J. and Davies, C.M. and Hooper, P.A.},
  journal={Additive Manufacturing},
  year={2018},
  publisher={Elsevier}
}

@article{Vohra:2019,
title = "Discovering the active subspace for efficient {UQ} of molecular dynamics simulations of phonon transport in silicon",
journal = "International Journal of Heat and Mass Transfer",
author = "M. Vohra and S. Mahadevan",
volume = "132",
pages = "577 - 586",
year = "2019"
}

@book{Hibbitt:2001,
  title={{ABAQUS}/Standard user's manual},
  author={Hibbitt and Karlsson and Sorensen},
  volume={1},
  year={2001},
  publisher={Hibbitt, Karlsson $\&$ Sorensen}
}

@inproceedings{Fu:2014,
  title={3-Dimensional Finite Element Modeling of Selective Laser Melting {T}i-6{A}l-4{V} alloy},
  author={Fu, C. and Guo, Y.},
  booktitle={25th Annual International Solid Freeform Fabrication Symposium},
  year={2014}
}

@article{Zinoviev:2016,
  title={Evolution of grain structure during laser additive manufacturing. Simulation by a cellular automata method},
  author={Zinoviev, A. and Zinovieva, O. and Ploshikhin, V. and Romanova, V. and Balokhonov, R.},
  journal={Materials $\&$ Design},
  volume={106},
  pages={321--329},
  year={2016},
  publisher={Elsevier}
}

@inproceedings{Zhao:2015,
  title={Numerical modeling of non-linear thermal stress in direct metal laser sintering process of titanium alloy products},
  author={Zhao, X. and Promoppatum, P. and Yao, S.-C.},
  booktitle={Proceedings of the First Thermal and Fluids Engineering Summer Conference},
  pages={9--12},
  year={2015}
}

@article{Debroy:2017,
  title={Building digital twins of {3D} printing machines},
  author={DebRoy, T. and Zhang, W. and Turner, J. and Babu, S.S.},
  journal={Scripta Materialia},
  volume={135},
  pages={119--124},
  year={2017},
  publisher={Elsevier}
}

@article{Megahed:2016,
  title={Metal additive-manufacturing process and residual stress modeling},
  author={Megahed, M. and Mindt, H.-W. and N'Dri, N. and Duan, H. and Desmaison, O.},
  journal={Integrating Materials and Manufacturing Innovation},
  volume={5},
  number={1},
  pages={4},
  year={2016},
  publisher={Springer}
}

@techreport{Kim:2018,
  title={Literature Review of Metal Additive Manufacturing Defects},
  author={Kim, F.H. and Moylan, S.P.},
  year={2018}
}

@article{Shiomi:2004,
  title={Residual stress within metallic model made by selective laser melting process},
  author={Shiomi, M. and Osakada, K. and Nakamura, K. and Yamashita, T. and Abe, F.},
  journal={CIRP Annals-Manufacturing Technology},
  volume={53},
  number={1},
  pages={195--198},
  year={2004},
  publisher={Elsevier}
}

@article{Sobol:2001,
  title={Global sensitivity indices for nonlinear mathematical models and their {M}onte {C}arlo estimates},
  author={Sobol, I.M.},
  journal={Mathematics and computers in simulation},
  volume={55},
  number={1-3},
  pages={271--280},
  year={2001},
  publisher={Citeseer}
}

@book{Borzi:2011,
  title={Computational optimization of systems governed by partial differential equations},
  author={Borz{\`\i}, A. and Schulz, V.},
  year={2011},
  publisher={SIAM, Philadelphia, PA, USA}
}

@article{Alexanderian:2017,
  Title = {Mean-variance risk-averse optimal control of systems governed by {PDEs} with random parameter fields using quadratic approximations},
  Author = {Alexanderian, A. and Petra, N. and Stadler, G. and Ghattas, O.},
  Journal = {SIAM/ASA J. Uncertainty Quantif.},
  volume = "5",
  Year = {2017},
  pages="1166--1192"
}

@article{Kiparissides:2009,
  title={Global sensitivity analysis challenges in biological systems modeling},
  author={Kiparissides, A. and Kucherenko, S.S. and Mantalaris, A. and Pistikopoulos, E.N.},
  journal={Ind. Eng. Chem. Res.},
  volume={48},
  pages={7168--7180},
  year={2009},
}

@article{Cortes:1995,
  title={Support-vector networks},
  author={Cortes, C. and Vapnik, V.},
  journal={Machine learning},
  volume={20},
  number={3},
  pages={273--297},
  year={1995},
  publisher={Springer}
}

@book{Haykin:1994,
  title={Neural networks},
  author={Haykin, S.},
  volume={2},
  year={1994},
  publisher={Prentice hall New York}
}

@article{Liang:2016,
  title={Stochastic multidisciplinary analysis with high-dimensional coupling},
  author={Liang, C. and Mahadevan, S.},
  journal={AIAA Journal},
  volume={54},
  number={2},
  pages={1209--1219},
  year={2016},
  publisher={American Institute of Aeronautics and Astronautics}
}

@article{Hombal:2013,
  title={Surrogate modeling of 3D crack growth},
  author={Hombal, V.K. and Mahadevan, S.},
  journal={International Journal of Fatigue},
  volume={47},
  pages={90--99},
  year={2013},
  publisher={Elsevier}
}

@article{Wang:2005,
  title={Using Bayesian statistics in the estimation of heat source in radiation},
  author={Wang, J. and Zabaras, N.},
  journal={International Journal of Heat and Mass Transfer},
  volume={48},
  number={1},
  pages={15--29},
  year={2005},
  publisher={Elsevier}
}

@article{Galbally:2010,
  title={Non-linear model reduction for uncertainty quantification in large-scale inverse problems},
  author={Galbally, D. and Fidkowski, K. and Willcox, K. and Ghattas, O.},
  journal={International journal for numerical methods in engineering},
  volume={81},
  number={12},
  pages={1581--1608},
  year={2010},
  publisher={Wiley Online Library}
}

@article{Marzouk:2009,
  title={Dimensionality reduction and polynomial chaos acceleration of Bayesian inference in inverse problems},
  author={Marzouk, Y.M. and Najm, H.N.},
  journal={Journal of Computational Physics},
  volume={228},
  number={6},
  pages={1862--1902},
  year={2009},
  publisher={Elsevier}
}

@article{Myers:1982,
  title={Matrix formulation of co-kriging},
  author={Myers, D.E.},
  journal={Journal of the International Association for Mathematical Geology},
  volume={14},
  number={3},
  pages={249--257},
  year={1982},
  publisher={Springer}
}

@incollection{Borgman:1976,
  title={A case study: multivariate properties of bentonite in northeastern Wyoming},
  author={Borgman, L.E. and Frahme, R.B.},
  booktitle={Advanced Geostatistics in the mining industry},
  pages={381--390},
  year={1976},
  publisher={Springer}
}

@article{Davis:1983,
  title={Estimation using spatially distributed multivariate data: an example with coal quality},
  author={Davis, B.M. and Greenes, K.A.},
  journal={Journal of the International Association for Mathematical Geology},
  volume={15},
  number={2},
  pages={287--300},
  year={1983},
  publisher={Springer}
}

@article{Gogu:2013,
  title={Efficient surrogate construction by combining response surface methodology and reduced order modeling},
  author={Gogu, C. and Passieux, J.-C.},
  journal={Structural and Multidisciplinary Optimization},
  volume={47},
  number={6},
  pages={821--837},
  year={2013},
  publisher={Springer}
}

@article{Petvipusit:2014,
  title={Robust optimisation of {CO}$_2$ sequestration strategies under geological uncertainty using adaptive sparse grid surrogates},
  author={Petvipusit, K.R. and Elsheikh, A.H. and Laforce, T.C. and King, P.R. and Blunt, M.J.},
  journal={Computational Geosciences},
  volume={18},
  number={5},
  pages={763--778},
  year={2014},
  publisher={Springer}
}

@article{Elsheikh:2014,
  title={Efficient Bayesian inference of subsurface flow models using nested sampling and sparse polynomial chaos surrogates},
  author={Elsheikh, A.H. and Hoteit, I. and Wheeler, M.F.},
  journal={Computer Methods in Applied Mechanics and Engineering},
  volume={269},
  pages={515--537},
  year={2014},
  publisher={Elsevier}
}

@article{Zhang:2013,
  title={An adaptive sparse-grid high-order stochastic collocation method for Bayesian inference in groundwater reactive transport modeling},
  author={Zhang, G. and Lu, D. and Ye, M. and Gunzburger, M. and Webster, C.},
  journal={Water Resources Research},
  volume={49},
  number={10},
  pages={6871--6892},
  year={2013},
  publisher={Wiley Online Library}
}

@article{Ma:2009,
  title={An efficient Bayesian inference approach to inverse problems based on an adaptive sparse grid collocation method},
  author={Ma, X. and Zabaras, N.},
  journal={Inverse Problems},
  volume={25},
  number={3},
  pages={035013},
  year={2009},
  publisher={IOP Publishing}
}

@article{Constantine:2012,
  title={Sparse pseudospectral approximation method},
  author={Constantine, P.G. and Eldred, M.S. and Phipps, E.T.},
  journal={Computer Methods in Applied Mechanics and Engineering},
  volume={229},
  pages={1--12},
  year={2012},
  publisher={Elsevier}
}

@article{Vohra:2017,
  title={Design analysis for optimal calibration of diffusivity in reactive multilayers},
  author={Vohra, M. and Huan, X. and Weihs, T.P. and Knio, O.M.},
  journal={Combustion Theory and Modelling},
  volume={21},
  number={6},
  pages={1023--1049},
  year={2017},
  publisher={Taylor \& Francis}
}

@article{Nath:2017,
  title={Sensor placement for calibration of spatially varying model parameters},
  author={Nath, P. and Hu, Z. and Mahadevan, S.},
  journal={Journal of Computational Physics},
  volume={343},
  pages={150--169},
  year={2017},
  publisher={Elsevier}
}
